@misc{geeksforgeeks2024hrl,
  author = {GeeksforGeeks},
  title = {Hierarchical Reinforcement Learning (HRL) in AI},
  year = {2024},
  url = {https://www.geeksforgeeks.org/hierarchical-reinforcement-learning-hrl-in-ai/},
  note = {Accessed: 2024-12-04}
}

@article{sutton1999between,
  title={Between MDPs and semi-MDPs: A framework for temporal abstraction in reinforcement learning},
  author={Sutton, Richard S and Precup, Doina and Singh, Satinder},
  journal={Artificial Intelligence},
  volume={112},
  number={1-2},
  pages={181--211},
  year={1999},
  publisher={Elsevier}
}

@article{barto2003recent,
  title={Recent advances in hierarchical reinforcement learning},
  author={Barto, Andrew G and Mahadevan, Sridhar},
  journal={Discrete Event Dynamic Systems},
  volume={13},
  number={1-2},
  pages={41--77},
  year={2003},
  publisher={Springer}
}

@article{dietterich2000hierarchical,
  title={Hierarchical reinforcement learning with the MAXQ value function decomposition},
  author={Dietterich, Thomas G},
  journal={Journal of Artificial Intelligence Research},
  volume={13},
  pages={227--303},
  year={2000}
}
